<?xml version="1.0" encoding="UTF-8"?>
<collection xmlns:xsi="http://www.w3.org/2001/XMLSchema-instance" xsi:schemaLocation="http://www.loc.gov/MARC21/slim http://www.loc.gov/standards/marcxml/schema/MARC21slim.xsd" xmlns="http://www.loc.gov/MARC21/slim">
<record>
  <leader>00784cam a22002051  4500</leader>
  <controlfield tag="001">2697610</controlfield>
  <controlfield tag="003">NNC</controlfield>
  <controlfield tag="005">20150920222902.0</controlfield>
  <controlfield tag="008">001006s1952    sy            000 0 ara d</controlfield>
  <datafield tag="035" ind1=" " ind2=" ">
    <subfield code="a">(OCoLC)ocm45128914</subfield>
  </datafield>
  <datafield tag="035" ind1=" " ind2=" ">
    <subfield code="9">ARE8089CU</subfield>
  </datafield>
  <datafield tag="035" ind1=" " ind2=" ">
    <subfield code="a">(NNC)2697610</subfield>
  </datafield>
  <datafield tag="040" ind1=" " ind2=" ">
    <subfield code="a">ZCU</subfield>
    <subfield code="c">ZCU</subfield>
  </datafield>
  <datafield tag="099" ind1=" " ind2=" ">
    <subfield code="a">956.9</subfield>
    <subfield code="a">Sh68</subfield>
  </datafield>
  <datafield tag="100" ind1="1" ind2=" ">
    <subfield code="a">Shīshaklī, Adīb,</subfield>
    <subfield code="d">1909-1964.</subfield>
  </datafield>
  <datafield tag="245" ind1="1" ind2="0">
    <subfield code="a">ʻAhd al-bināʾ:</subfield>
    <subfield code="b">Bayān al-ʻaqīd Adīb al-Shīshaklī Raʾīs al-Arkān al-ʻāmmah, alladhī wuzziʻa ʻalá wafd al-ṣaḥāfah al-Lubnānīyah fī 22 shubāṭ 1952 fī nādī al-ḍubbāṭ bi-Dimashq.</subfield>
  </datafield>
  <datafield tag="260" ind1=" " ind2=" ">
    <subfield code="a">[Dimashq,</subfield>
    <subfield code="b">al-Maktab al-ṣuḥufī fī Riʾāsat al-Arkān al-ʻāmmah,</subfield>
    <subfield code="c">1952]</subfield>
  </datafield>
  <datafield tag="300" ind1=" " ind2=" ">
    <subfield code="a">7 p.</subfield>
  </datafield>
  <datafield tag="651" ind1=" " ind2="0">
    <subfield code="a">Syria</subfield>
    <subfield code="x">Politics and government.</subfield>
  </datafield>
  <datafield tag="955" ind1=" " ind2=" ">
    <subfield code="b">0026813580</subfield>
    <subfield code="d">glx</subfield>
    <subfield code="e">956.9 Sh68</subfield>
  </datafield>
</record>
</collection>